@article{BFM03,
  title={How many random edges make a dense graph {H}amiltonian?},
  author={Bohman, Tom and Frieze, Alan and Martin, Ryan},
  journal={Random Structures \& Algorithms},
  volume={22},
  number={1},
  pages={33--42},
  year={2003},
  publisher={Wiley Online Library}
}

@article{Bon71,
  title={Pancyclic graphs {I}},
  author={Bondy, John A},
  journal={Journal of Combinatorial Theory Series B},
  volume={11},
  number={1},
  pages={80--84},
  year={1971},
  publisher={Elsevier}
}

@inproceedings{CF87,
  title={Pancyclic random graphs},
  author={Cooper, Colin and Frieze, Alan},
  booktitle={Proc. 3rd Annual Conference on Random Graphs, Poznan},
  pages={29--39},
  year={1987}
}

@article{LRG96,
  title={On the evolution of a random tournament},
  author={{\L}uczak, Tomasz and Ruci{\'n}ski, Andrzej and Gruszka, Jacek},
  journal={Discrete Mathematics},
  volume={148},
  number={1},
  pages={311--316},
  year={1996},
  publisher={Elsevier}
}

@article{MM62,
  title={Almost all tournaments are irreducible},
  author={Moon, JW and Moser, L},
  journal={Canadian Mathematical Bulletin},
  volume={5},
  pages={61--65},
  year={1962},
  publisher={The Canadian Mathematical Society}
}

@article{ST04,
  title={Smoothed analysis of algorithms: Why the simplex algorithm usually takes polynomial time},
  author={Spielman, Daniel A and Teng, Shang-Hua},
  journal={Journal of the ACM},
  volume={51},
  number={3},
  pages={385--463},
  year={2004},
  publisher={ACM}
}

@book{Moo68,
  title={Topics on tournaments},
  author={Moon, JW},
  year={1968},
  publisher={Holt, Rinehart and Winston}
}

@article{KLOP14,
  title={Proof of a conjecture of {T}homassen on {H}amilton cycles in highly connected tournaments},
  author={K{\"u}hn, Daniela and Lapinskas, John and Osthus, Deryk and Patel, Viresh},
  journal={Proceedings of the London Mathematical Society},
  year={2014},
  publisher={Oxford University Press}
}

@article{Pok14,
  title={Edge disjoint {H}amiltonian cycles in highly connected tournaments},
  author={Pokrovskiy, Alexey},
  journal={arXiv preprint arXiv:1406.7556},
  year={2014}
}

@book{JLR00,
  title={Random Graphs},
  author={Janson, Svante and {\L{}}uczak, Tomasz and Ruci{\'n}ski, Andrzej},
  year={2000},
  publisher={Cambridge University Press}
}

@article{FK05,
  title={On packing {H}amilton cycles in $\varepsilon$-regular graphs},
  author={Frieze, Alan and Krivelevich, Michael},
  journal={Journal of Combinatorial Theory, Series B},
  volume={94},
  number={1},
  pages={159--172},
  year={2005},
  publisher={Elsevier}
}

@article{Pos76,
  title={{H}amiltonian circuits in random graphs},
  author={P{\'o}sa, L},
  journal={Discrete Mathematics},
  volume={14},
  number={4},
  pages={359--364},
  year={1976},
  publisher={Elsevier}
}

@book{AS04,
  title={The probabilistic method},
  author={Alon, Noga and Spencer, Joel H},
  year={2004},
  publisher={John Wiley \& Sons}
}

@article {Gho60,
  author={Ghouila-Houri, Alain},
  title={Une condition suffisante d'existence d'un circuit {H}amiltonien},
  journal={Comptes Rendus de l'Acad√©mie des Sciences},
  volume={251},
  year={1960},
  pages={495--497}
}

@incollection{Bon75,
  author={Bondy, JA},
  title={Pancyclic Graphs: Recent Results},
  editor={Hajnal, A and Rado, R and Sos, Vera T},
  booktitle={Infinite and finite sets: to {P}aul {E}rd\H{o}s on his 60th birthday, Volume 1},
  series={Colloquia mathematica Societatis J\'anos Bolyai},
  pages={181--187},
  volume={10},
  publisher={North-Holland Publishing Company},
  address={Amsterdam-London},
  year={1975}
}

@article{Dir52,
  title={Some theorems on abstract graphs},
  author={Dirac, Gabriel Andrew},
  journal={Proceedings of the London Mathematical Society},
  volume={3},
  number={1},
  pages={69--81},
  year={1952},
  publisher={Oxford University Press}
}

@article{JDP83,
  title={Negative association of random variables with applications},
  author={Joag-Dev, Kumar and Proschan, Frank},
  journal={The Annals of Statistics},
  pages={286--295},
  year={1983},
  publisher={JSTOR}
}

@article{Tao05,
  title={Szemer\'edi's regularity lemma revisited},
  author={Tao, Terence},
  journal={Contributions to Discrete Mathematics},
  volume={1},
  number={1},
  pages={8--28},
  year={2006}
}

@incollection{KS96,
  author={Koml\'os, J and Simonovits, M},
  title={Szemer\'edi's Regularity Lemma and its applications in graph theory},
  editor={Mikl\'os, D and Sos, VT and Szonyi, T},
  booktitle={Combinatorics, {P}aul {E}rd\H{o}s is eighty},
  series={Bolyai Society Mathematical Studies},
  pages={295--352},
  volume={2},
  publisher={J\'anos {B}olyai Mathematical Society},
  address={Budapest},
  year={1996}
}

@article{KST06,
  title={On smoothed analysis in dense graphs and formulas},
  author={Krivelevich, Michael and Sudakov, Benny and Tetali, Prasad},
  journal={Random Structures \& Algorithms},
  volume={29},
  number={2},
  pages={180--193},
  year={2006},
  publisher={Wiley Online Library}
}

@article{BHM04,
  title={Adding random edges to dense graphs},
  author={Bohman, Tom and Frieze, Alan and Krivelevich, Michael and Martin, Ryan},
  journal={Random Structures \& Algorithms},
  volume={24},
  number={2},
  pages={105--117},
  year={2004},
  publisher={Wiley Online Library}
}

@article{KRS13,
  title={Smoothed analysis on connected graphs},
  author={Krivelevich, Michael and Reichman, Daniel and Samotij, Wojciech},
  journal={arXiv preprint arXiv:1307.4884},
  year={2014}
}

@incollection{ST03,
  title={Smoothed Analysis: Motivation and Discrete Models},
  author={Spielman, Daniel A and Teng, Shang-Hua},
  editor={Dehne, Frank and Sack, J{\"o}rg R{\"u}diger and Smid, Michie},
  booktitle={Algorithms and data structures: 8th International Workshop, WADS 2003, Ottawa, Ontario, Canada, July 30 - August 1, 2003, Proceedings},
  series={Lecture Notes in Computer Science},
  pages={256--270},
  volume={2748},
  publisher={Springer},
  year={2003}
}

@incollection{KS75,
  author={Koml\'os, J and Szemer\'edi, E},
  title={Hamilton Cycles in Random graphs},
  editor={Hajnal, A and Rado, R and Sos, Vera T},
  booktitle={Infinite and finite sets: to {P}aul {E}rd\H{o}s on his 60th birthday, Volume 2},
  series={Colloquia mathematica Societatis J\'anos Bolyai},
  pages={1003--1010},
  volume={10},
  publisher={North-Holland Publishing Company},
  address={Amsterdam-London},
  year={1975}
}

@incollection{Kar72,
  author={Karp, R M},
  title={Reducibility among combinatorial problems},
  editor={Miller, R E and Thatcher, J W},
  booktitle={Complexity of Computer Computations},
  pages={85--104},
  volume={10},
  publisher={Plenum},
  address={New York},
  year={1972}
}

@incollection{RR10,
  title={Dirac-type questions for hypergraphs -- a survey (or more problems for {E}ndre to solve)},
  editor={B\'arany, Imre and Solymosi, J\'ozsef},
  author={R{\"o}dl, Vojtech and Ruci{\'n}ski, Andrzej},
  booktitle={An Irregular Mind: Szemer\'edi is 70},
  series={Bolyai Society Mathematical Studies},
  volume={21},
  publisher={Springer and J\'anos Bolyai Mathematical Society},
  address={New York and Budapest},
  pages={561--590},
  year={2010},
}

@article{DF11,
  title={Loose {H}amilton cycles in random uniform hypergraphs},
  author={Dudek, Andrzej and Frieze, Alan},
  journal={Electronic Journal of Combinatorics},
  volume={18},
  number={1},
  pages={Paper 48},
  year={2011}
}

@article{KKMO11,
  title={Loose {H}amilton cycles in hypergraphs},
  author={Keevash, Peter and K{\"u}hn, Daniela and Mycroft, Richard and Osthus, Deryk},
  journal={Discrete Mathematics},
  volume={311},
  number={7},
  pages={544--559},
  year={2011},
  publisher={Elsevier}
}

@article{JKV08,
  title={Factors in random graphs},
  author={Johansson, Anders and Kahn, Jeff and Vu, Van},
  journal={Random Structures \& Algorithms},
  volume={33},
  number={1},
  pages={1--28},
  year={2008},
  publisher={Wiley Online Library}
}
